@book{ricci2011handbook,
  title        = {Introduction to Recommender Systems Handbook},
  author       = {Ricci, Francesco and Rokach, Lior and Shapira, Bracha},
  year         = {2011},
  publisher    = {Springer},
  address      = {Boston, MA},
  doi          = {10.1007/978-0-387-85820-3},
  isbn         = {978-0-387-85820-3},
  editor       = {Ricci, Francesco and Rokach, Lior and Shapira, Bracha},
  url          = {https://link.springer.com/book/10.1007/978-0-387-85820-3}
}


@article{Herlocker_2004, 
  title={Evaluating collaborative filtering recommender systems}, 
  volume={22}, 
  ISSN={1558-2868}, 
  url={http://dx.doi.org/10.1145/963770.963772}, 
  DOI={10.1145/963770.963772}, 
  number={1}, 
  journal={ACM Transactions on Information Systems}, 
  publisher={Association for Computing Machinery (ACM)}, 
  author={Herlocker, Jonathan L. and Konstan, Joseph A. and Terveen, Loren G. and Riedl, John T.}, 
  year={2004}, 
  month=jan, 
  pages={5–53} 
  }


@article{Schafer_2001, 
  volume={5}, 
  ISSN={1384-5810}, 
  url={http://dx.doi.org/10.1023/a:1009804230409}, 
  DOI={10.1023/a:1009804230409}, 
  number={1/2}, journal={Data Mining and Knowledge Discovery}, 
  publisher={Springer Science and Business Media LLC}, 
  author={Schafer, J. Ben and Konstan, Joseph A. and Riedl, John}, 
  year={2001}, 
  pages={115–153} 
  }

  @article{Kamath_2015, 
    title={Natural language processing-based e-news recommender system using information extraction and domain clustering}, 
    volume={1}, 
    ISSN={2055-6047}, 
    url={http://dx.doi.org/10.1504/ijim.2015.070031}, 
    DOI={10.1504/ijim.2015.070031}, 
    number={1}, 
    journal={International Journal of Image Mining}, 
    publisher={Inderscience Publishers}, 
    author={Kamath, S. Sowmya and Kanakaraj, Monisha}, 
    year={2015}, 
    pages={112} 
    }

@article{miller1990introduction,
  title={Introduction to WordNet: An on-line lexical database},
  author={Miller, George A and Beckwith, Richard and Fellbaum, Christiane and Gross, Derek and Miller, Katherine J},
  journal={International journal of lexicography},
  volume={3},
  number={4},
  pages={235--244},
  year={1990},
  publisher={Oxford University Press}
}

@article{vaswani2017attention,
  title={Attention is all you need},
  author={Vaswani, A},
  journal={Advances in Neural Information Processing Systems},
  year={2017}
}

@inproceedings{reimers-2019-sentence-bert,
    title = "Sentence-BERT: Sentence Embeddings using Siamese BERT-Networks",
    author = "Reimers, Nils and Gurevych, Iryna",
    booktitle = "Proceedings of the 2019 Conference on Empirical Methods in Natural Language Processing",
    month = "11",
    year = "2019",
    publisher = "Association for Computational Linguistics",
    url = "http://arxiv.org/abs/1908.10084",
}

@misc{mikolov2013efficientestimationwordrepresentations,
      title={Efficient Estimation of Word Representations in Vector Space}, 
      author={Tomas Mikolov and Kai Chen and Greg Corrado and Jeffrey Dean},
      year={2013},
      eprint={1301.3781},
      archivePrefix={arXiv},
      primaryClass={cs.CL},
      url={https://arxiv.org/abs/1301.3781}, 
}

@misc{devlin2019bertpretrainingdeepbidirectional,
      title={BERT: Pre-training of Deep Bidirectional Transformers for Language Understanding}, 
      author={Jacob Devlin and Ming-Wei Chang and Kenton Lee and Kristina Toutanova},
      year={2019},
      eprint={1810.04805},
      archivePrefix={arXiv},
      primaryClass={cs.CL},
      url={https://arxiv.org/abs/1810.04805}, 
}

@inproceedings{Aggarwal2001,
  author    = {Charu C. Aggarwal and Alexander Hinneburg and Daniel A. Keim},
  title     = {On the Surprising Behavior of Distance Metrics in High Dimensional Space},
  booktitle = {Proceedings of the 8th International Conference on Database Theory (ICDT)},
  year      = {2001},
  pages     = {420--434},
  publisher = {Springer},
  doi       = {10.1007/3-540-44503-X_27}
}
